<?xml version="1.0" encoding="UTF-8"?><collection xmlns="http://www.loc.gov/MARC21/slim"><record><leader>00725nam--2200181-i-4500</leader><controlfield tag="001">000010371</controlfield><controlfield tag="002">20161230</controlfield><controlfield tag="005">20161230201028</controlfield><controlfield tag="008">060222s1000------------r-----000-0-eng-d</controlfield><datafield ind1=" " ind2=" " tag="040"><subfield code="a">IFIN-HH</subfield></datafield><datafield ind1=" " ind2=" " tag="080"><subfield code="a">061.3:621.039.58:614.898:341.67</subfield></datafield><datafield ind1="1" ind2=" " tag="110"><subfield code="a">International Atomic Energy Agency</subfield></datafield><datafield ind1="1" ind2="0" tag="245"><subfield code="a">Experience and trends in nuclear law</subfield><subfield code="b">A selection of papers presented at the seminar on the develpment of nuclear law, bangkok, 6-11 april 1970 and the inter-regional training course on the legal aspects of nuclear energy, athens, 7-18 december 1970</subfield></datafield><datafield ind1=" " ind2=" " tag="260"><subfield code="a">Vienna</subfield><subfield code="b">International Atomic Energy Agency</subfield><subfield code="c">1972</subfield></datafield><datafield ind1=" " ind2=" " tag="300"><subfield code="a">169 P</subfield></datafield><datafield ind1=" " ind2=" " tag="490"><subfield code="a">Legal Series</subfield><subfield code="v">No.8</subfield></datafield><datafield ind1=" " ind2=" " tag="852"><subfield code="a">24340</subfield><subfield code="c">H.H</subfield></datafield><datafield ind1=" " ind2=" " tag="CAT"><subfield code="a">Sys</subfield><subfield code="c">20130328</subfield><subfield code="h">172407</subfield></datafield></record></collection>